@misc{ferc11,
  title = {Apache Spark},
  organization = {Apache Software Foundation},
  note = {http://spark.incubator.apache.org/}, 
}

@misc{s3,
  title = {TREC KBA Stream Corpora},
  organization = {Amazon S3},
  note = {http://aws-publicdatasets.s3.amazonaws.com/trec/kba/index.html}, 
}

@misc{github,
  title = {GatorDSR Opensource Project},
  organization = {Github},
  note = {https://github.com/cegme/gatordsr}, 
}

@misc{googlegroups,
  title = {GatorDSR Mailing List},
  organization = {Google},
  note = {https://groups.google.com/forum/\#!forum/gatordsr}, 
}

@misc{aec,
  title = {ACE (Automatic Content Extraction) English annotation Guidelines for Events},
  organization = {Linguistic Data Consortium},
  note = {http://projects.ldc.upenn.edu/ace/docs/English-Events-Guidelines\_v5.4.3.pdf}, 
}

@inproceedings{tackbp,
  title = {TAC KBP 2013 Slot Descriptions},
  author = {Joe Ellisi},
   month={June},
  year = {2013},
  organization = {Linguistic Data Cinsortium}
}
% note = {http://www.nist.gov/tac/2012/KBP/task\_guidelines/TAC\_KBP\_Slots\_V2.4.pdf}, 

@inproceedings{JFrank12,
  title={Building an entity-centric stream filtering test collection for TREC 2012},
  author={Frank, John R and Kleiman-Weiner, Max and Roberts, Daniel A and Niu, Feng and Zhang, Ce and R{\'e}, Christopher and Soboroff, Ian},
  booktitle={21th Text REtrieval Conference (TREC'12)},
  year={2013},
  publisher={National Institute of Standards and Technology},
}

@inproceedings{sentencePatterns08,
  title={Introduction to Sentence Patterns},
  author={Sophia Stevens},
  booktitle={Tutoring and testing at UHV},
  year={2008},
  publisher={University of Houston - Victoria},
}


@inproceedings{ji2011knowledge,
 author = {Ji, Heng and Grishman, Ralph},
 title = {Knowledge Base Population: Successful Approaches and Challenges},
 booktitle = {Proceedings of the 49th Annual Meeting of the Association for Computational Linguistics: Human Language Technologies - Volume 1},
 series = {HLT '11},
 year = {2011},
 isbn = {978-1-932432-87-9},
 location = {Portland, Oregon},
 pages = {1148--1158},
 numpages = {11},
 url = {http://dl.acm.org/citation.cfm?id=2002472.2002618},
 acmid = {2002618},
 publisher = {Association for Computational Linguistics},
 address = {Stroudsburg, PA, USA},
}

@inproceedings{Balog:2013:CCR:2484028.2484151,
 author = {Balog, Krisztian and Ramampiaro, Heri},
 title = {Cumulative Citation Recommendation: Classification vs. Ranking},
 booktitle = {Proceedings of the 36th International ACM SIGIR Conference on Research and Development in Information Retrieval},
 series = {SIGIR '13},
 year = {2013},
 isbn = {978-1-4503-2034-4},
 location = {Dublin, Ireland},
 pages = {941--944},
 numpages = {4},
 url = {http://doi.acm.org/10.1145/2484028.2484151},
 doi = {10.1145/2484028.2484151},
 acmid = {2484151},
 publisher = {ACM},
 address = {New York, NY, USA},
 keywords = {cumulative citation recommendation, information filtering, knowledge base acceleration},
}

@inproceedings{Bonnefoy:2013:WDE:2484028.2484180,
 author = {Bonnefoy, Ludovic and Bouvier, Vincent and Bellot, Patrice},
 title = {A Weakly-supervised Detection of Entity Central Documents in a Stream},
 booktitle = {Proceedings of the 36th International ACM SIGIR Conference on Research and Development in Information Retrieval},
 series = {SIGIR '13},
 year = {2013},
 isbn = {978-1-4503-2034-4},
 location = {Dublin, Ireland},
 pages = {769--772},
 numpages = {4},
 url = {http://doi.acm.org/10.1145/2484028.2484180},
 doi = {10.1145/2484028.2484180},
 acmid = {2484180},
 publisher = {ACM},
 address = {New York, NY, USA},
 keywords = {data stream, entity linking, information filtering, kba, named entity disambiguation, time},
}

@article{dalton2013bi,
  title={Bi-directional linkability from Wikipedia to documents and back again: UMass at TREC 2012 knowledge base acceleration track},
  author={Dalton, Jeffrey and Dietz, Laura},
  journal={TREC'12},
  year={2013}
}

@article{mcnamee2012hltcoe,
  title={HLTCOE participation at TAC 2012: Entity linking and cold start knowledge base construction},
  author={McNamee, Paul and Stoyanov, Veselin and Mayfield, James and Finin, Tim and Oates, Tim and Xu, Tan and Oard, Douglas W and Lawrie, Dawn},
  journal={TAC KBP},
  year={2012}
}

% ---- Slot extraction

@inproceedings{muslea1999extraction,
  title={Extraction patterns for information extraction tasks: A survey},
  author={Muslea, Ion and others},
  booktitle={The AAAI-99 Workshop on Machine Learning for Information Extraction},
  volume={2},
  number={2},
  year={1999}
}

@inproceedings{xu2012nlp,
  title={NLP-Comp in TAC 2012 Entity Linking and Slot-Filling},
  author={Xu, Jian and Lu, Qin and Liu, Jie and Xu, Ruifeng},
  booktitle={Proceedings of the Fourth Text Analysis Conference (TAC 2012)},
  year={2012}
}

@inproceedings{xu2012nlp,
  title={TAC KBP Slots},
  author={Xu, Jian and Lu, Qin and Liu, Jie and Xu, Ruifeng},
  booktitle={Proceedings of the Fourth Text Analysis Conference (TAC 2012)},
  year={2012}
}








