@ELECTRONIC{ferc11,
 
  title = {Apache Spark},
  organization = {Apache Software Foundation},
  note = {http://spark.incubator.apache.org/}, 
}

@ELECTRONIC{aec,
 
  title = {AEC (Automatic Content Extraction) English annotation Guidelines for Events},
  organization = {Linguistic Data Consortium},
  note = {http://projects.ldc.upenn.edu/ace/docs/English-Events-Guidelines\_v5.4.3.pdf}, 
}

@ELECTRONIC{tackbp,
 
  title = {TAC KBP Slots},
  organization = {Linguistic Data Cinsortium},
  note = {http://www.nist.gov/tac/2012/KBP/task\_guidelines/TAC\_KBP\_Slots\_V2.4.pdf}, 
}

@article{JFrank12,
  title={Building an Entity-Centric Stream Filtering Test Collection for TREC 2012},
  author={J.R. Frank, M. KleimanWeiner, D.A. Roberts, F. Niu, C. Zhang, C. RÃ©, I. Soboroff},
  journal={The Twenty-First Text REtrieval Conference
(TREC 2012) Proceedings},
  number={21},
  year={2012},
  publisher={ National Institute of Standards and Technology}
}