@misc{ferc11,
  title = {Apache Spark},
  organization = {Apache Software Foundation},
  note = {http://spark.incubator.apache.org/}, 
}

@misc{s3,
  title = {TREC KBA Stream Corpora},
  organization = {Amazon S3},
  note = {http://aws-publicdatasets.s3.amazonaws.com/trec/kba/index.html}, 
}

@misc{github,
  title = {GatorDSR Opensource Project},
  organization = {Github},
  note = {https://github.com/cegme/gatordsr}, 
}

@misc{googlegroups,
  title = {GatorDSR Mailing List},
  organization = {Google},
  note = {https://groups.google.com/forum/\#!forum/gatordsr}, 
}

@misc{aec,
  title = {ACE (Automatic Content Extraction) English annotation Guidelines for Events},
  organization = {Linguistic Data Consortium},
  note = {http://projects.ldc.upenn.edu/ace/docs/English-Events-Guidelines\_v5.4.3.pdf}, 
}

@misc{tackbp,
  title = {TAC KBP Slots},
  organization = {Linguistic Data Cinsortium},
  note = {http://www.nist.gov/tac/2012/KBP/task\_guidelines/TAC\_KBP\_Slots\_V2.4.pdf}, 
}

@inproceedings{JFrank12,
  title={Building an entity-centric stream filtering test collection for TREC 2012},
  author={Frank, John R and Kleiman-Weiner, Max and Roberts, Daniel A and Niu, Feng and Zhang, Ce and R{\'e}, Christopher and Soboroff, Ian},
  booktitle={21th Text REtrieval Conference (TREC'12)},
  year={2013},
  publisher={National Institute of Standards and Technology},
}



@inproceedings{ji2011knowledge,
 author = {Ji, Heng and Grishman, Ralph},
 title = {Knowledge Base Population: Successful Approaches and Challenges},
 booktitle = {Proceedings of the 49th Annual Meeting of the Association for Computational Linguistics: Human Language Technologies - Volume 1},
 series = {HLT '11},
 year = {2011},
 isbn = {978-1-932432-87-9},
 location = {Portland, Oregon},
 pages = {1148--1158},
 numpages = {11},
 url = {http://dl.acm.org/citation.cfm?id=2002472.2002618},
 acmid = {2002618},
 publisher = {Association for Computational Linguistics},
 address = {Stroudsburg, PA, USA},
}
